00565cas a22002291a 4500
001 9917738033502836
003 Nz
005 20161223172955.0
008 040109d19051906nz  r ne      0   0 eng d
035    $a (Nz)8177832
035    $a (OCoLC)947774595
035    $a (NLNZils)1773803
035    $a (NLNZils)1773803-ilsdb
040    $a WN $c WN
042    $a nznb
043    $a u-nz---
245 00 $a Pahiatua era.
260    $a Pahiatua [N.Z.]
310    $a Daily
362 0  $a 1905 May6-1906?
651  0 $a Pahiatua (N.Z.) $v Newspapers.
655  7 $a New Zealand newspapers. $2 local $5 Nz
